@Article{Chopin2002,
  Title                    = {A sequential particle filter method for static models},
  Author                   = {Nicholas Chopin},
  Journal                  = {Biometrika},
  Year                     = {2002},
  Number                   = {3},
  Pages                    = {539-552},
  Volume                   = {89}
}

@Article{Cornuet2012,
  Title                    = {Adaptive multiple importance sampling},
  Author                   = {Jean-Marie Cornuet and Jean-Michael Marin and Antonietta Mira and Christian P Robert},
  Journal                  = {Scandinavian Journal of Statistics},
  Year                     = {2012},
  Number                   = {4},
  Pages                    = {798-812},
  Volume                   = {39}
}

@Article{Gramacy2010,
  Title                    = {Importance tempering},
  Author                   = {Robert Gramacy and Richard Samworth and Ruth King},
  Journal                  = {Statistics and Computing},
  Year                     = {2010},
  Number                   = {1},
  Pages                    = {1-7},
  Volume                   = {20}
}

@Conference{Nguyen2014,
  Title                    = {Improving {SMC} sampler estimate by recycling all past simulated particles},
  Author                   = {Thi Le Thu Nguyen and Francois Septier and Gareth W Peters and Yves Delignon},
  Booktitle                = {2014 IEEE Workshop. In Statistical Signal Processing (SSP)},
  Year                     = {2014},
  Pages                    = {p117-120}
}

@Misc{South2017,
  Title                    = {Sequential {M}onte {C}arlo for static {B}ayesian models with independent {MCMC} proposals},

  Author                   = {Leah F South and Anthony N Pettitt and Christopher C Drovandi},
  Year                     = {2017},
  
  Url                      = {http://eprints.qut.edu.au/101729/}
}

@Article{Tran2014,
  Title                    = {Copula-type estimators for flexible multivariate density modeling using mixtures},
  Author                   = {Minh-Ngoc Tran and Paolo Giordani and Xiuyan Mun and Robert Kohn and Michael K Pitt},
  Journal                  = {Journal of Computational and Graphical Statistics},
  Year                     = {2014},
  Number                   = {4},
  Pages                    = {1163-1178},
  Volume                   = {23}
}

